

@article{DBLP:journals/corr/HunsbergerE16,
  author    = {Eric Hunsberger and
               Chris Eliasmith},
  title     = {Training Spiking Deep Networks for Neuromorphic Hardware},
  journal   = {CoRR},
  volume    = {abs/1611.05141},
  year      = {2016},
  url       = {http://arxiv.org/abs/1611.05141},
  timestamp = {Thu, 01 Dec 2016 19:32:08 +0100},
  biburl    = {http://dblp.uni-trier.de/rec/bib/journals/corr/HunsbergerE16},
  bibsource = {dblp computer science bibliography, http://dblp.org}
}

@INPROCEEDINGS{7280696,
author={P. U. Diehl and D. Neil and J. Binas and M. Cook and S. C. Liu and M. Pfeiffer},
booktitle={2015 International Joint Conference on Neural Networks (IJCNN)},
title={Fast-classifying, high-accuracy spiking deep networks through weight and threshold balancing},
year={2015},
pages={1-8},
keywords={neural nets;pattern classification;ConvNets;MNIST database;ReLU;SNN;convolutional neural networks;deep ANN;firing rates;fully connected deep networks;low-latency classification;optimization techniques;rectified linear units;spiking deep networks;spiking neural networks;spiking neurons;threshold balancing;weight balancing;weight normalization method;Accuracy;Handheld computers;Neuromorphics;Neurons;Robustness},
doi={10.1109/IJCNN.2015.7280696},
ISSN={2161-4393},
month={July},}


@ARTICLE{2016arXiv160104183D,
   author = {{Diehl}, P.~U. and {Pedroni}, B.~U. and {Cassidy}, A. and {Merolla}, P. and 
	{Neftci}, E. and {Zarrella}, G.},
    title = "{TrueHappiness: Neuromorphic Emotion Recognition on TrueNorth}",
  journal = {ArXiv e-prints},
archivePrefix = "arXiv",
   eprint = {1601.04183},
 primaryClass = "q-bio.NC",
 keywords = {Quantitative Biology - Neurons and Cognition, Computer Science - Neural and Evolutionary Computing},
     year = 2016,
    month = jan,
   adsurl = {http://adsabs.harvard.edu/abs/2016arXiv160104183D},
  adsnote = {Provided by the SAO/NASA Astrophysics Data System}
}

@incollection{NIPS2015_5862,
title = {Backpropagation for Energy-Efficient Neuromorphic Computing},
author = {Esser, Steve K and Appuswamy, Rathinakumar and Merolla, Paul and Arthur, John V. and Modha, Dharmendra S},
booktitle = {Advances in Neural Information Processing Systems 28},
editor = {C. Cortes and N. D. Lawrence and D. D. Lee and M. Sugiyama and R. Garnett},
pages = {1117--1125},
year = {2015},
publisher = {Curran Associates, Inc.},
url = {http://papers.nips.cc/paper/5862-backpropagation-for-energy-efficient-neuromorphic-computing.pdf}
}